<record><leader>00000cas a22000007a 4500</leader><controlfield tag="001">21952478</controlfield><controlfield tag="008">900702d18591861nyuwr ne      0    0eng d</controlfield><datafield ind1=" " ind2=" " tag="010"><subfield code="a">sn 90066450 </subfield></datafield><datafield ind1=" " ind2=" " tag="040"><subfield code="a">NYS</subfield><subfield code="b">eng</subfield><subfield code="c">NYS</subfield><subfield code="d">OCL</subfield><subfield code="d">OCLCQ</subfield><subfield code="d">OCLCF</subfield><subfield code="d">OCLCO</subfield></datafield><datafield ind1="1" ind2=" " tag="029"><subfield code="a">AU@</subfield><subfield code="b">000020225562</subfield></datafield><datafield ind1=" " ind2=" " tag="042"><subfield code="a">msc</subfield></datafield><datafield ind1=" " ind2=" " tag="043"><subfield code="a">n-us-ny</subfield></datafield><datafield ind1="0" ind2="0" tag="245"><subfield code="a">Cayuga Lake recorder.</subfield></datafield><datafield ind1=" " ind2=" " tag="260"><subfield code="a">Union Springs, N.Y. :</subfield><subfield code="b">I.O. Crissy</subfield></datafield><datafield ind1=" " ind2=" " tag="300"><subfield code="a">v.</subfield></datafield><datafield ind1=" " ind2=" " tag="310"><subfield code="a">Weekly</subfield></datafield><datafield ind1="1" ind2=" " tag="362"><subfield code="a">Began in 1859? Ceased in 1861?</subfield></datafield><datafield ind1=" " ind2=" " tag="588"><subfield code="a">Description based on: Vol. 2, no. 36 (July 12, 1861).</subfield></datafield><datafield ind1=" " ind2="0" tag="651"><subfield code="a">Union Springs (N.Y.)</subfield><subfield code="v">Newspapers.</subfield></datafield><datafield ind1=" " ind2="7" tag="655"><subfield code="a">Newspapers.</subfield><subfield code="2">fast</subfield><subfield code="0">(OCoLC)fst01423814</subfield></datafield><datafield ind1=" " ind2="7" tag="651"><subfield code="a">New York (State)</subfield><subfield code="z">Union Springs.</subfield><subfield code="2">fast</subfield><subfield code="0">(OCoLC)fst01256041</subfield></datafield><datafield ind1=" " ind2=" " tag="752"><subfield code="a">United States</subfield><subfield code="b">New York</subfield><subfield code="c">Cayuga</subfield><subfield code="d">Union Springs.</subfield></datafield><datafield ind1="0" ind2="7" tag="785"><subfield code="t">Union Springs herald (Union Springs, N.Y.)</subfield><subfield code="w">(DLC)sn 90066104</subfield><subfield code="w">(OCoLC)21888524</subfield></datafield><datafield ind1="0" ind2="7" tag="785"><subfield code="t">Cayuga Lake herald</subfield><subfield code="w">(DLC)sn 90066511</subfield><subfield code="w">(OCoLC)22265892</subfield></datafield></record>